@misc{CodeSnap,
  title = {CodeSnap VSCode Extention},
  author = {adpyke},
  howpublished = {\url{https://marketplace.visualstudio.com/items?itemName=adpyke.codesnap}},
  note = {Accessed: 2024-05-7}
}